@misc{of-spec,
 title = {{O}pen{F}low {S}witch {S}pecification},
 month = {February},
 year = {2011},
}

@inproceedings{fabric,
 author = {Casado, Martin and Koponen, Teemu and Shenker, Scott and Tootoonchian, Amin},
 title = {{F}abric: {A} {R}etrospective on {E}volving {SDN}},
 booktitle = {Proceedings of the First Workshop on Hot Topics in Software Defined Networks},
 series = {HotSDN '12},
 year = {2012},
 isbn = {978-1-4503-1477-0},
 location = {Helsinki, Finland},
 pages = {85--90},
 numpages = {6},
 url = {http://doi.acm.org/10.1145/2342441.2342459},
 doi = {10.1145/2342441.2342459},
 acmid = {2342459},
 publisher = {ACM},
 address = {New York, NY, USA},
 keywords = {network architecture},
}

@inproceedings{frenetic,
 author = {Foster, Nate and Freedman, Michael J. and Harrison, Rob and Rexford, Jennifer and Meola, Matthew L. and Walker, David},
 title = {{F}renetic: {A} {H}igh-level {L}anguage for {O}pen{F}low {N}etworks},
 booktitle = {Proceedings of the Workshop on Programmable Routers for Extensible Services of Tomorrow},
 series = {PRESTO '10},
 year = {2010},
 isbn = {978-1-4503-0467-2},
 location = {Philadelphia, Pennsylvania},
 pages = {6:1--6:6},
 articleno = {6},
 numpages = {6},
 url = {http://doi.acm.org/10.1145/1921151.1921160},
 doi = {10.1145/1921151.1921160},
 acmid = {1921160},
 publisher = {ACM},
 address = {New York, NY, USA},
}

@inproceedings{netfpga,
 author = {Naous, Jad and Erickson, David and Covington, G. Adam and Appenzeller, Guido and McKeown, Nick},
 title = {{I}mplementing an {O}pen{F}low {S}witch on the {N}et{FPGA} {P}latform},
 booktitle = {Proceedings of the 4th ACM/IEEE Symposium on Architectures for Networking and Communications Systems},
 series = {ANCS '08},
 year = {2008},
 isbn = {978-1-60558-346-4},
 location = {San Jose, California},
 pages = {1--9},
 numpages = {9},
 url = {http://doi.acm.org/10.1145/1477942.1477944},
 doi = {10.1145/1477942.1477944},
 acmid = {1477944},
 publisher = {ACM},
 address = {New York, NY, USA},
 keywords = {NetFPGA, OpenFlow, computer networks, flow switching, packet switching, programmable networks},
}

@inproceedings{beacon,
 author = {Erickson, David},
 title = {{T}he {B}eacon {O}penflow {C}ontroller},
 booktitle = {Proceedings of the Second ACM SIGCOMM Workshop on Hot Topics in Software Defined Networking},
 series = {HotSDN '13},
 year = {2013},
 isbn = {978-1-4503-2178-5},
 location = {Hong Kong, China},
 pages = {13--18},
 numpages = {6},
 url = {http://doi.acm.org/10.1145/2491185.2491189},
 doi = {10.1145/2491185.2491189},
 acmid = {2491189},
 publisher = {ACM},
 address = {New York, NY, USA},
 keywords = {beacon, controller, java, openflow},
}

@article{nox,
 author = {Gude, Natasha and Koponen, Teemu and Pettit, Justin and Pfaff, Ben and Casado, Mart\'{\i}n and McKeown, Nick and Shenker, Scott},
 title = {{NOX}: {T}owards an {O}perating {S}ystem for {N}etworks},
 journal = {SIGCOMM Comput. Commun. Rev.},
 issue_date = {July 2008},
 volume = {38},
 number = {3},
 month = jul,
 year = {2008},
 issn = {0146-4833},
 pages = {105--110},
 numpages = {6},
 url = {http://doi.acm.org/10.1145/1384609.1384625},
 doi = {10.1145/1384609.1384625},
 acmid = {1384625},
 publisher = {ACM},
 address = {New York, NY, USA},
 keywords = {architecture, management, network, security},
}

@inproceedings{debugger,
 author = {Handigol, Nikhil and Heller, Brandon and Jeyakumar, Vimalkumar and Mazi{\'e}res, David and McKeown, Nick},
 title = {{W}here is the {D}ebugger for {M}y {S}oftware-defined {N}etwork?},
 booktitle = {Proceedings of the First Workshop on Hot Topics in Software Defined Networks},
 series = {HotSDN '12},
 year = {2012},
 isbn = {978-1-4503-1477-0},
 location = {Helsinki, Finland},
 pages = {55--60},
 numpages = {6},
 url = {http://doi.acm.org/10.1145/2342441.2342453},
 doi = {10.1145/2342441.2342453},
 acmid = {2342453},
 publisher = {ACM},
 address = {New York, NY, USA},
 keywords = {interactive, network debugging, software-defined networks},
}

@article{openflow,
 author = {McKeown, Nick and Anderson, Tom and Balakrishnan, Hari and Parulkar, Guru and Peterson, Larry and Rexford, Jennifer and Shenker, Scott and Turner, Jonathan},
 title = {{O}pen{F}low: {E}nabling {I}nnovation in {C}ampus {N}etworks},
 journal = {SIGCOMM Comput. Commun. Rev.},
 issue_date = {April 2008},
 volume = {38},
 number = {2},
 month = mar,
 year = {2008},
 issn = {0146-4833},
 pages = {69--74},
 numpages = {6},
 url = {http://doi.acm.org/10.1145/1355734.1355746},
 doi = {10.1145/1355734.1355746},
 acmid = {1355746},
 publisher = {ACM},
 address = {New York, NY, USA},
 keywords = {ethernet switch, flow-based, virtualization},
} 

@inproceedings{one-big-switch,
 author = {Kang,Nanxi and Liu, Zhenming and Rexford, Jennifer and Walker, David},
 title = {{O}ptimizing the ``{O}ne {B}ig {S}witch" {A}bstraction in {S}oftware-{D}efined {N}etworks},
 booktitle = {Proceedings of the 9th International Conference on Emerging Networking Experiments and Technologies},
 series = {CoNEXT '13},
 year = {2013},
} 

@inproceedings{exploiting-locality,
 author = {Schmid, Stefan and Suomela, Jukka},
 title = {{E}xploiting {L}ocality in {D}istributed {SDN} Control},
 booktitle = {Proceedings of the Second ACM SIGCOMM Workshop on Hot Topics in Software Defined Networking},
 series = {HotSDN '13},
 year = {2013},
 isbn = {978-1-4503-2178-5},
 location = {Hong Kong, China},
 pages = {121--126},
 numpages = {6},
 url = {http://doi.acm.org/10.1145/2491185.2491198},
 doi = {10.1145/2491185.2491198},
 acmid = {2491198},
 publisher = {ACM},
 address = {New York, NY, USA},
 keywords = {local algorithms, software defined networking},
}

@article{elastic-controller,
 author = {Dixit, Advait and Hao, Fang and Mukherjee, Sarit and Lakshman, T.V. and Kompella, Ramana},
 title = {{T}owards an {E}lastic {D}istributed {SDN} {C}ontroller},
 journal = {SIGCOMM Comput. Commun. Rev.},
 issue_date = {October 2013},
 volume = {43},
 number = {4},
 month = aug,
 year = {2013},
 issn = {0146-4833},
 pages = {7--12},
 numpages = {6},
 url = {http://doi.acm.org/10.1145/2534169.2491193},
 doi = {10.1145/2534169.2491193},
 acmid = {2491193},
 publisher = {ACM},
 address = {New York, NY, USA},
 keywords = {data center networks, software-defined networks},
} 

@article{b4,
 author = {Jain, Sushant and Kumar, Alok and Mandal, Subhasree and Ong, Joon and Poutievski, Leon and Singh, Arjun and Venkata, Subbaiah and Wanderer, Jim and Zhou, Junlan and Zhu, Min and Zolla, Jon and H\"{o}lzle, Urs and Stuart, Stephen and Vahdat, Amin},
 title = {{B}4: {E}xperience with a {G}lobally-deployed {S}oftware {D}efined {WAN}},
 journal = {SIGCOMM Comput. Commun. Rev.},
 issue_date = {October 2013},
 volume = {43},
 number = {4},
 month = aug,
 year = {2013},
 issn = {0146-4833},
 pages = {3--14},
 numpages = {12},
 url = {http://doi.acm.org/10.1145/2534169.2486019},
 doi = {10.1145/2534169.2486019},
 acmid = {2486019},
 publisher = {ACM},
 address = {New York, NY, USA},
 keywords = {centralized traffic engineering, openflow, routing, software- defined networking, wide-area networks},
} 

@inproceedings{kandoo,
 author = {Hassas Yeganeh, Soheil and Ganjali, Yashar},
 title = {{K}andoo: {A} {F}ramework for {E}fficient and {S}calable {O}ffloading of {C}ontrol {A}pplications},
 booktitle = {Proceedings of the First Workshop on Hot Topics in Software Defined Networks},
 series = {HotSDN '12},
 year = {2012},
 isbn = {978-1-4503-1477-0},
 location = {Helsinki, Finland},
 pages = {19--24},
 numpages = {6},
 url = {http://doi.acm.org/10.1145/2342441.2342446},
 doi = {10.1145/2342441.2342446},
 acmid = {2342446},
 publisher = {ACM},
 address = {New York, NY, USA},
 keywords = {data center networks, distributed control plane, software-defined networks},
}

@inproceedings{logically-centralized,
 author = {Levin, Dan and Wundsam, Andreas and Heller, Brandon and Handigol, Nikhil and Feldmann, Anja},
 title = {{L}ogically {C}entralized?: {S}tate {D}istribution {T}rade-offs in {S}oftware {D}efined {N}etworks},
 booktitle = {Proceedings of the First Workshop on Hot Topics in Software Defined Networks},
 series = {HotSDN '12},
 year = {2012},
 isbn = {978-1-4503-1477-0},
 location = {Helsinki, Finland},
 pages = {1--6},
 numpages = {6},
 url = {http://doi.acm.org/10.1145/2342441.2342443},
 doi = {10.1145/2342441.2342443},
 acmid = {2342443},
 publisher = {ACM},
 address = {New York, NY, USA},
 keywords = {control plane, sensitivity study, software defined networks},
}

@inproceedings{hyperflow,
 author = {Tootoonchian, Amin and Ganjali, Yashar},
 title = {{H}yperFlow: {A} {D}istributed {C}ontrol {P}lane for {O}pen{F}low},
 booktitle = {Proceedings of the 2010 Internet Network Management Conference on Research on Enterprise Networking},
 series = {INM/WREN'10},
 year = {2010},
 location = {San Jose, CA},
 pages = {3--3},
 numpages = {1},
 url = {http://dl.acm.org/citation.cfm?id=1863133.1863136},
 acmid = {1863136},
 publisher = {USENIX Association},
 address = {Berkeley, CA, USA},
}

@inproceedings{onix,
 author = {Koponen, Teemu and Casado, Martin and Gude, Natasha and Stribling, Jeremy and Poutievski, Leon and Zhu, Min and Ramanathan, Rajiv and Iwata, Yuichiro and Inoue, Hiroaki and Hama, Takayuki and Shenker, Scott},
 title = {{O}nix: {A} {D}istributed {C}ontrol {P}latform for {L}arge-scale {P}roduction {N}etworks},
 booktitle = {Proceedings of the 9th USENIX Conference on Operating Systems Design and Implementation},
 series = {OSDI'10},
 year = {2010},
 location = {Vancouver, BC, Canada},
 pages = {1--6},
 numpages = {6},
 url = {http://dl.acm.org/citation.cfm?id=1924943.1924968},
 acmid = {1924968},
 publisher = {USENIX Association},
 address = {Berkeley, CA, USA},
}

@misc{swim,
 title = {{SWIM} {P}roject},
 howpublished = {\url{https://github.com/SWIMProjectUCB/SWIM}},
}

@misc{simulator,
 title = {{S}imulator},
 howpublished = {\url{https://github.com/MugiwaraLuffy/ACN}},
}

@misc{floodlight,
 title = {{P}roject {F}loodlight},
 howpublished = {\url{http://www.projectfloodlight.org/}}, 
}

@misc{mininet,
 title = {{M}ininet},
 howpublished = {\url{http://mininet.org/}}, 
}
